@String(PAMI = {IEEE Trans. Pattern Anal. Mach. Intell.})
@String(IJCV = {Int. J. Comput. Vis.})
@String(CVPR= {IEEE Conf. Comput. Vis. Pattern Recog.})
@String(ICCV= {Int. Conf. Comput. Vis.})
@String(ECCV= {Eur. Conf. Comput. Vis.})
@String(NIPS= {Adv. Neural Inform. Process. Syst.})
@String(ICPR = {Int. Conf. Pattern Recog.})
@String(BMVC= {Brit. Mach. Vis. Conf.})
@String(TOG= {ACM Trans. Graph.})
@String(TIP  = {IEEE Trans. Image Process.})
@String(TVCG  = {IEEE Trans. Vis. Comput. Graph.})
@String(TMM  = {IEEE Trans. Multimedia})
@String(ACMMM= {ACM Int. Conf. Multimedia})
@String(ICME = {Int. Conf. Multimedia and Expo})
@String(ICASSP=	{ICASSP})
@String(ICIP = {IEEE Int. Conf. Image Process.})
@String(ACCV  = {ACCV})
@String(ICLR = {Int. Conf. Learn. Represent.})
@String(IJCAI = {IJCAI})
@String(PR   = {Pattern Recognition})
@String(AAAI = {AAAI})
@String(CVPRW= {IEEE Conf. Comput. Vis. Pattern Recog. Worksh.})
@String(CSVT = {IEEE Trans. Circuit Syst. Video Technol.})

@String(SPL	= {IEEE Sign. Process. Letters})
@String(VR   = {Vis. Res.})
@String(JOV	 = {J. Vis.})
@String(TVC  = {The Vis. Comput.})
@String(JCST  = {J. Comput. Sci. Tech.})
@String(CGF  = {Comput. Graph. Forum})
@String(CVM = {Computational Visual Media})


@String(PAMI  = {IEEE TPAMI})
@String(IJCV  = {IJCV})
@String(CVPR  = {CVPR})
@String(ICCV  = {ICCV})
@String(ECCV  = {ECCV})
@String(NIPS  = {NeurIPS})
@String(ICPR  = {ICPR})
@String(BMVC  =	{BMVC})
@String(TOG   = {ACM TOG})
@String(TIP   = {IEEE TIP})
@String(TVCG  = {IEEE TVCG})
@String(TCSVT = {IEEE TCSVT})
@String(TMM   =	{IEEE TMM})
@String(ACMMM = {ACM MM})
@String(ICME  =	{ICME})
@String(ICASSP=	{ICASSP})
@String(ICIP  = {ICIP})
@String(ACCV  = {ACCV})
@String(ICLR  = {ICLR})
@String(IJCAI = {IJCAI})
@String(PR = {PR})
@String(AAAI = {AAAI})
@String(CVPRW= {CVPRW})
@String(CSVT = {IEEE TCSVT})



@misc{Authors14,
 author = {FirstName LastName},
 title = {The frobnicatable foo filter},
 note = {Face and Gesture submission ID 324. Supplied as supplemental material {\tt fg324.pdf}},
 year = 2014
}

@misc{Authors14b,
 author = {FirstName LastName},
 title = {Frobnication tutorial},
 note = {Supplied as supplemental material {\tt tr.pdf}},
 year = 2014
}

@article{Alpher02,
author = {FirstName Alpher},
title = {Frobnication},
journal = PAMI,
volume = 12,
number = 1,
pages = {234--778},
year = 2002
}

@article{Alpher03,
author = {FirstName Alpher and  FirstName Fotheringham-Smythe},
title = {Frobnication revisited},
journal = {Journal of Foo},
volume = 13,
number = 1,
pages = {234--778},
year = 2003
}

@article{Alpher04,
author = {FirstName Alpher and FirstName Fotheringham-Smythe and FirstName Gamow},
title = {Can a machine frobnicate?},
journal = {Journal of Foo},
volume = 14,
number = 1,
pages = {234--778},
year = 2004
}

@inproceedings{Alpher05,
author = {FirstName Alpher and FirstName Gamow},
title = {Can a computer frobnicate?},
booktitle = CVPR,
pages = {234--778},
year = 2005
}


@misc{hsu2019measuringeffectsnonidenticaldata,
      title={Measuring the Effects of Non-Identical Data Distribution for Federated Visual Classification}, 
      author={Tzu-Ming Harry Hsu and Hang Qi and Matthew Brown},
      year={2019},
      eprint={1909.06335},
      archivePrefix={arXiv},
      primaryClass={cs.LG},
      url={https://arxiv.org/abs/1909.06335}, 
}

@misc{reddi2021adaptivefederatedoptimization,
      title={Adaptive Federated Optimization}, 
      author={Sashank Reddi and Zachary Charles and Manzil Zaheer and Zachary Garrett and Keith Rush and Jakub Konečný and Sanjiv Kumar and H. Brendan McMahan},
      year={2021},
      eprint={2003.00295},
      archivePrefix={arXiv},
      primaryClass={cs.LG},
      url={https://arxiv.org/abs/2003.00295}, 
}

@misc{li2020federatedoptimizationheterogeneousnetworks,
      title={Federated Optimization in Heterogeneous Networks}, 
      author={Tian Li and Anit Kumar Sahu and Manzil Zaheer and Maziar Sanjabi and Ameet Talwalkar and Virginia Smith},
      year={2020},
      eprint={1812.06127},
      archivePrefix={arXiv},
      primaryClass={cs.LG},
      url={https://arxiv.org/abs/1812.06127}, 
}

@misc{karimireddy2021scaffoldstochasticcontrolledaveraging,
      title={SCAFFOLD: Stochastic Controlled Averaging for Federated Learning}, 
      author={Sai Praneeth Karimireddy and Satyen Kale and Mehryar Mohri and Sashank J. Reddi and Sebastian U. Stich and Ananda Theertha Suresh},
      year={2021},
      eprint={1910.06378},
      archivePrefix={arXiv},
      primaryClass={cs.LG},
      url={https://arxiv.org/abs/1910.06378}, 
}

@misc{kairouz2021advancesopenproblemsfederated,
      title={Advances and Open Problems in Federated Learning}, 
      author={Peter Kairouz and H. Brendan McMahan and Brendan Avent and Aurélien Bellet and Mehdi Bennis and Arjun Nitin Bhagoji and Kallista Bonawitz and Zachary Charles and Graham Cormode and Rachel Cummings and Rafael G. L. D'Oliveira and Hubert Eichner and Salim El Rouayheb and David Evans and Josh Gardner and Zachary Garrett and Adrià Gascón and Badih Ghazi and Phillip B. Gibbons and Marco Gruteser and Zaid Harchaoui and Chaoyang He and Lie He and Zhouyuan Huo and Ben Hutchinson and Justin Hsu and Martin Jaggi and Tara Javidi and Gauri Joshi and Mikhail Khodak and Jakub Konečný and Aleksandra Korolova and Farinaz Koushanfar and Sanmi Koyejo and Tancrède Lepoint and Yang Liu and Prateek Mittal and Mehryar Mohri and Richard Nock and Ayfer Özgür and Rasmus Pagh and Mariana Raykova and Hang Qi and Daniel Ramage and Ramesh Raskar and Dawn Song and Weikang Song and Sebastian U. Stich and Ziteng Sun and Ananda Theertha Suresh and Florian Tramèr and Praneeth Vepakomma and Jianyu Wang and Li Xiong and Zheng Xu and Qiang Yang and Felix X. Yu and Han Yu and Sen Zhao},
      year={2021},
      eprint={1912.04977},
      archivePrefix={arXiv},
      primaryClass={cs.LG},
      url={https://arxiv.org/abs/1912.04977}, 
}

@article{Li_2023,
   title={A Survey on Federated Learning Systems: Vision, Hype and Reality for Data Privacy and Protection},
   volume={35},
   ISSN={2326-3865},
   url={http://dx.doi.org/10.1109/TKDE.2021.3124599},
   DOI={10.1109/tkde.2021.3124599},
   number={4},
   journal={IEEE Transactions on Knowledge and Data Engineering},
   publisher={Institute of Electrical and Electronics Engineers (IEEE)},
   author={Li, Qinbin and Wen, Zeyi and Wu, Zhaomin and Hu, Sixu and Wang, Naibo and Li, Yuan and Liu, Xu and He, Bingsheng},
   year={2023},
   month=apr, pages={3347–3366} }


@misc{chen2023privacyfairnessfederatedlearning,
      title={Privacy and Fairness in Federated Learning: on the Perspective of Trade-off}, 
      author={Huiqiang Chen and Tianqing Zhu and Tao Zhang and Wanlei Zhou and Philip S. Yu},
      year={2023},
      eprint={2306.14123},
      archivePrefix={arXiv},
      primaryClass={cs.LG},
      url={https://arxiv.org/abs/2306.14123}, 
}

@article{Pfeiffer_2023,
   title={Federated Learning for Computationally Constrained Heterogeneous Devices: A Survey},
   volume={55},
   ISSN={1557-7341},
   url={http://dx.doi.org/10.1145/3596907},
   DOI={10.1145/3596907},
   number={14s},
   journal={ACM Computing Surveys},
   publisher={Association for Computing Machinery (ACM)},
   author={Pfeiffer, Kilian and Rapp, Martin and Khalili, Ramin and Henkel, Jörg},
   year={2023},
   month=jul, pages={1–27} }

@misc{mcmahan2023communicationefficientlearningdeepnetworks,
      title={Communication-Efficient Learning of Deep Networks from Decentralized Data}, 
      author={H. Brendan McMahan and Eider Moore and Daniel Ramage and Seth Hampson and Blaise Agüera y Arcas},
      year={2023},
      eprint={1602.05629},
      archivePrefix={arXiv},
      primaryClass={cs.LG},
      url={https://arxiv.org/abs/1602.05629}, 
}

@misc{siomos2024addressingdataheterogeneityfederated,
      title={Addressing Data Heterogeneity in Federated Learning with Adaptive Normalization-Free Feature Recalibration}, 
      author={Vasilis Siomos and Sergio Naval-Marimont and Jonathan Passerat-Palmbach and Giacomo Tarroni},
      year={2024},
      eprint={2410.02006},
      archivePrefix={arXiv},
      primaryClass={cs.LG},
      url={https://arxiv.org/abs/2410.02006}, 
}

@inproceedings{iurada2025efficient,
title={Efficient Model Editing with Task-Localized Sparse Fine-tuning},
author={Leonardo Iurada and Marco Ciccone and Tatiana Tommasi},
booktitle={The Thirteenth International Conference on Learning Representations},
year={2025},
url={https://openreview.net/forum?id=TDyE2iuvyc}
}